@article{BergerLeVeque98,
    Author = {M. J. Berger and R. J. LeVeque},
    Journal = {SIAM J. Numer. Anal.},
    Pages = {2298--2316},
    Title = {Adaptive Mesh Refinement using Wave-Propagation Algorithms for Hyperbolic Systems},
    Volume = {35},
    Year = {1998}}
    
@misc{clawpack,
    title={Clawpack software},
    author={{Clawpack Development Team}},
    url={http://www.clawpack.org},
    note={Version 5.2},
    year={2014}}